@misc{dummy,
    author = {{Change me}},
    title = {{Change me}},
    year = 2012
}

@misc{nodejs,
    author = {{Joyent, Inc.}},
    title = {{node.js}},
    year = 2012,
    url = {http://nodejs.org}
}
